<?xml version="1.0" encoding="UTF-8"?><record xmlns="http://www.loc.gov/MARC21/slim" xmlns:cinclude="http://apache.org/cocoon/include/1.0" xmlns:zs="http://www.loc.gov/zing/srw/">
  <leader>00312nz  a2200121n  4500</leader>
  <controlfield tag="001">n  99043405 </controlfield>
  <controlfield tag="003">DLC</controlfield>
  <controlfield tag="005">19990611103358.3</controlfield>
  <controlfield tag="008">990611n| acannaab|          |n aaa |||  </controlfield>
  <datafield tag="010" ind1=" " ind2=" ">
    <subfield code="a">n  99043405 </subfield>
  </datafield>
  <datafield tag="040" ind1=" " ind2=" ">
    <subfield code="a">DLC</subfield>
    <subfield code="b">eng</subfield>
    <subfield code="c">DLC</subfield>
  </datafield>
  <datafield tag="100" ind1="1" ind2=" ">
    <subfield code="a">Jallepalli, Raji</subfield>
  </datafield>
  <datafield tag="670" ind1=" " ind2=" ">
    <subfield code="a">Raji fusion cooking, 2000:</subfield>
    <subfield code="b">CIP t.p. (Raji Jallepalli)</subfield>
  </datafield>
</record>